<?xml version="1.0" encoding="UTF-8"?><collection><record><leader>06054ntm a2200601 a 4500</leader><controlfield tag="001">006813654</controlfield><controlfield tag="003">MiAaHDL</controlfield><controlfield tag="005">20190719000000.0</controlfield><controlfield tag="006">m        d        </controlfield><controlfield tag="007">cr bn ---auaua</controlfield><controlfield tag="008">090606s1814    xx            00| ||ara d</controlfield><datafield tag="035" ind1=" " ind2=" "><subfield code="a">(MiU)006813654</subfield></datafield><datafield tag="035" ind1=" " ind2=" "><subfield code="a">sdr-miu006813654</subfield></datafield><datafield tag="040" ind1=" " ind2=" "><subfield code="a">MiU</subfield><subfield code="c">MiU</subfield><subfield code="e">amremm</subfield></datafield><datafield tag="043" ind1=" " ind2=" "><subfield code="a">n-us-mi</subfield></datafield><datafield tag="100" ind1="1" ind2=" "><subfield code="6">880-01</subfield><subfield code="a">Khalīfī, Aḥmad ibn Yūnus,</subfield><subfield code="d">d. 1794.</subfield></datafield><datafield tag="240" ind1="1" ind2="0"><subfield code="6">880-02</subfield><subfield code="a">Natā’ij al-fikr</subfield></datafield><datafield tag="245" ind1="1" ind2="0"><subfield code="6">880-03</subfield><subfield code="a">Natā’ij al-fikr wa-thamar al-muʼallafāt ‘alá al-Sharḥ al-Ṣaghīr,</subfield><subfield code="f">[1229, i.e., 1814].</subfield></datafield><datafield tag="246" ind1="3" ind2=" "><subfield code="i">Title from inscription on 'title page' (p.1):</subfield><subfield code="a">نتائج الفكر</subfield></datafield><datafield tag="260" ind1=" " ind2=" "><subfield code="c">[1814].</subfield></datafield><datafield tag="300" ind1=" " ind2=" "><subfield code="a">78 leaves :</subfield><subfield code="b">paper ;</subfield><subfield code="c">225 x 172 (175 x 100) mm.</subfield></datafield><datafield tag="500" ind1=" " ind2=" "><subfield code="a">Shelfmark: Ann Arbor, University of Michigan, Special Collections Library, Isl. Ms. 628</subfield></datafield><datafield tag="500" ind1=" " ind2=" "><subfield code="a">Origin: As appears in colophon on p.157, transcription completed in six days during Rabīʻ II 1229 [1814].</subfield></datafield><datafield tag="500" ind1=" " ind2=" "><subfield code="a">Accompanying materials: a. Inventory cataloguing slip in hand of Winifred Smeaton Thomas. -- b. Acquisitions slip from Yahuda.</subfield></datafield><datafield tag="500" ind1=" " ind2=" "><subfield code="a">Former shelfmark: From interior of upper cover and spine label, "IL 384" (likely supplied by Yahuda, see acquisitions slip).</subfield></datafield><datafield tag="500" ind1=" " ind2=" "><subfield code="a">Binding: Boards (fairly thin) covered in coated paper (dark and lighter blue, mottled with sponge painted or faux marbled look) with red leather over spine and fore edge flap ; Type II binding (with flap) ; board linings in untinted wove paper ; sewn in light pink or yellow thread, two stations ; worked chevron endbands in light pink and brown, fairly good condition ; overall in fair condition with some abrasion, pest damage, moisture damage, etc.</subfield></datafield><datafield tag="500" ind1=" " ind2=" "><subfield code="a">Support: European laid paper with 7 laid lines per cm. (vertical), chain lines spaced 29-32 mm. apart (horizontal), crescent with face in shield watermark (see p.50, 51, etc.) ; fairly thick and sturdy though crisp, light cream to white in color, well-burnished ; slight ink burn in final leaves.</subfield></datafield><datafield tag="500" ind1=" " ind2=" "><subfield code="a">Decoration: Lacunae have been left for rubrics (text being commented upon) yet unsupplied.</subfield></datafield><datafield tag="500" ind1=" " ind2=" "><subfield code="a">Script: Naskh ; bold, compact Turkish or 'Syrian' hand ; partially (though irregularly) seriffed with right-sloping head-serifs on occasional lām, joined alif, etc., rounded with curvilinear descenders, slight effect of tilt to the left, kāf mashqūqah preferred (even final kāf), pointing in strokes or conjoined dots.</subfield></datafield><datafield tag="500" ind1=" " ind2=" "><subfield code="a">Layout: Written in 25 lines per page ; frame-ruled.</subfield></datafield><datafield tag="500" ind1=" " ind2=" "><subfield code="a">Collation: 7 V(70), IV (18) ; almost exclusively quinions ; catchwords present ; pagination in pencil, Western numerals, supplied during digitization (mistakenly skips ahead from p.90 to 92, then from p.100 to 102).</subfield></datafield><datafield tag="500" ind1=" " ind2=" "><subfield code="a">Colophon: "Scribal," triangular, reads: "وهذا اخر ما سهل به الرب الكريم نسأله ان يثيبنا ومجينا بجنات النعيم وان ينفع به كل من تلقاه بقلب سليم بجاه خير خلقه عليه افضل الصلاة واتم التسليم ولا حول ولا قوة الا بالله العلي العظيم تحريرا في ستة ايام مضت من شهر ربيع الثاني سنة ١٢٢٩ والحمد لله رب العالمين امين تم"</subfield></datafield><datafield tag="500" ind1=" " ind2=" "><subfield code="a">Explicit: "اقوى اختصاصا اذ قال العلامة العاسمي فانظر اذا لم يتفاوتا في الاختصاص والظاهر انه يجوز جعل كل قرينة او ترشيحا "</subfield></datafield><datafield tag="500" ind1=" " ind2=" "><subfield code="a">Incipit: "الحمد لله الذي خص العلماء بمعرفة الدقائق واسلكهم سبل المجازاة وطرق الحقائق ... وبعد فيقول اسير الخطايا والذلات احمد بن يونس الخليفي الشافعي ضاعف الله له الدرجات هذه عبارات شريفة وتحقيقات منيفة اقتطفتها من ثمر المؤلفات وبدائع التحقيقات توضح الخفي بادنى اشارة وتبين المراد باوجز عبارة وسميتها نتائج الفكر وثمر المؤلفات على الشرح الصغير لشيخنا العلامة احمد الملوي على السمرقندية في الاستعارات ...."</subfield></datafield><datafield tag="500" ind1=" " ind2=" "><subfield code="a">Title from opening on p.2.</subfield></datafield><datafield tag="500" ind1=" " ind2=" "><subfield code="a">Ms. codex.</subfield></datafield><datafield tag="510" ind1="4" ind2=" "><subfield code="a">Brockelmann, C. GAL,</subfield><subfield code="c">II 194, I no.4 a.</subfield></datafield><datafield tag="520" ind1="8" ind2=" "><subfield code="a">Clear copy of the supercommentary by Aḥmad ibn Yūnis al-Khalīfī (d.1794) on the commentary Mukhtaṣar ʻIqd al-durar al-bahīyah fī sharḥ al-Risālah al-Samarqandīyah fī al-istiʻārāt, known as al-Sharḥ al-ṣaghīr, by Aḥmad ibn ʻAbd al-Fattāḥ al-Mullawī (d.1767) upon al-Risālah al-Samarqandīyah, a work on metaphor (istiʻārah) by Abū al-Qāsim ibn Abī Bakr al- Samarqandī (ca. 1483).</subfield></datafield><datafield tag="538" ind1=" " ind2=" "><subfield code="a">Mode of access: Internet.</subfield></datafield><datafield tag="541" ind1=" " ind2=" "><subfield code="a">Acquired in 1926 from the bookseller Isaac Benjamin S.E. Yahuda via purchase transacted on his behalf by Abraham Shalom Yahuda (1877-1951), his younger brother.</subfield></datafield><datafield tag="546" ind1=" " ind2=" "><subfield code="a">Arabic.</subfield></datafield><datafield tag="561" ind1=" " ind2=" "><subfield code="a">Fairly clean copy.</subfield></datafield><datafield tag="600" ind1="1" ind2="0"><subfield code="a">Mullawī, Aḥmad ibn ʻAbd al-Fattāḥ,</subfield><subfield code="d">1677-1767.</subfield><subfield code="t">Sharḥ al-Samarqandīyah fī al-balāghah.</subfield></datafield><datafield tag="650" ind1=" " ind2="0"><subfield code="a">Manuscripts, Arabic</subfield><subfield code="z">Michigan</subfield><subfield code="z">Ann Arbor.</subfield></datafield><datafield tag="650" ind1=" " ind2="0"><subfield code="a">Metaphor</subfield><subfield code="v">Early works to 1800.</subfield></datafield><datafield tag="650" ind1=" " ind2="0"><subfield code="a">Arabic language</subfield><subfield code="x">Figures of speech</subfield><subfield code="v">Early works to 1800.</subfield></datafield><datafield tag="650" ind1=" " ind2="0"><subfield code="a">Arabic language</subfield><subfield code="x">Rhetoric</subfield><subfield code="v">Early works to 1800.</subfield></datafield><datafield tag="700" ind1="1" ind2=" "><subfield code="6">880-04</subfield><subfield code="a">Samarqandī, Abū al-Qāsim ibn Abī Bakr,</subfield><subfield code="d">15th century.</subfield><subfield code="t">Risālah al-Samarqandīyah.</subfield></datafield><datafield tag="773" ind1="0" ind2=" "><subfield code="a">Yahuda Collection.</subfield></datafield><datafield tag="880" ind1="1" ind2=" "><subfield code="6">700-04/</subfield><subfield code="a">سمرقندي، ابو القاسم بن ابي بكر.</subfield><subfield code="t">رسالة السمرقندية.</subfield></datafield><datafield tag="880" ind1="1" ind2="0"><subfield code="6">245-03/</subfield><subfield code="a">نتائج الفكر وثمر المؤلفات على الشرح الصغير،</subfield><subfield code="f">[1229ه، 1814م].</subfield></datafield><datafield tag="880" ind1="1" ind2="0"><subfield code="6">240-02/</subfield><subfield code="a">نتائج الفكر</subfield></datafield><datafield tag="880" ind1="1" ind2=" "><subfield code="6">100-01/</subfield><subfield code="a">خليفي، احمد بن يونس.</subfield></datafield><datafield tag="CID" ind1=" " ind2=" "><subfield code="a">006813654</subfield></datafield><datafield tag="DAT" ind1="0" ind2=" "><subfield code="a">20190719102638.0</subfield><subfield code="b">20190719000000.0</subfield></datafield><datafield tag="DAT" ind1="1" ind2=" "><subfield code="a">20190719090653.0</subfield><subfield code="b">2019-07-19T16:12:00Z</subfield></datafield><datafield tag="DAT" ind1="2" ind2=" "><subfield code="a">2015-10-10T18:00:06Z</subfield></datafield><datafield tag="CAT" ind1=" " ind2=" "><subfield code="a">SDR-MIU</subfield><subfield code="d">EX LIBRIS - ALEPH</subfield><subfield code="l">prepare.pl-004-008</subfield></datafield><datafield tag="FMT" ind1=" " ind2=" "><subfield code="a">BK</subfield></datafield><datafield tag="HOL" ind1=" " ind2=" "><subfield code="0">sdr-miu006813654</subfield><subfield code="a">MiU</subfield><subfield code="b">SDR</subfield><subfield code="c">MIU</subfield><subfield code="p">mdp.39015079128420</subfield><subfield code="s">MIU</subfield><subfield code="1">006813654</subfield></datafield><datafield tag="974" ind1=" " ind2=" "><subfield code="b">MIU</subfield><subfield code="c">MIU</subfield><subfield code="d">20190719</subfield><subfield code="s">lit-dlps-dc</subfield><subfield code="u">mdp.39015079128420</subfield><subfield code="y">1814</subfield><subfield code="r">pd</subfield><subfield code="q">bib</subfield><subfield code="t">non-US bib date1 &lt; 1879</subfield></datafield></record></collection>